
% Sites

@misc{
    OPERAMainPage,
    title = "OPERA Photonics Laboratory",
    howpublished = "\url{https://opera-photonics.polytech.ulb.be/en/research-1}, consulté le 21 avril 2023"
}

@misc{
    WIKIPhotonique,
    title = "Photonique",
    howpublished = "\url{https://fr.wikipedia.org/wiki/Photonique#:~:text=La%20photonique%20est%20la%20branche,la%20conversion%20de%20signaux%20optiques.}, consulté le 21 avril 2023." 
}

% Thèses de doctorat

@phdthesis{FrancoisLeo2011,
    title={Étude des structures dissipatives dans les cavités optiques passives},
    author={F. Leo},
    year={2011},
    school={Université Libre de Bruxelles}
}

@phdthesis{MarceloLuda2021,
    title={Instrumentación y control con aplicaciones en óptica y metrología},
    author={M.A. Luda},
    year={2021},
    school={Universidad de Buenos Aires}
}

% Articles

@article{art_lock_in_pid_2009,
    title={Compact embedded device for lock-in measurements and experiment active control },
    author={M.A. Luda, M. Drechsler, C.T. Schiemgelow, J. Cordina},
    journal={Review of scientific instruments},
    volume={90},
    number={023106},
    year={2019},
    publisher={AIP Publishing}
}

@article{art_PDH_2001,
    title={An introduction to Pound–Drever–Hall laser frequency stabilization},
    author={E.D. Black},
    journal={American Journal of Physics},
    volume={69},
    year={2001},
    publisher={AIP Publishing}
}

@article{art_leefmans_222,
    title={Topological dissipation in a time multiplexed photonic resonator network},
    author={C. Leefmans, A. Dutt, J. Williams, L. Yuan, M. Parto, F. Nori, S. Fan, A. Marandi},
    journal={Nature Physics},
    volume={18},
    year={2022},
    publisher={Nature Research}
}

@article{art_zeyen_2022,
    title={Pound-Drever-Hall locking scheme free from Trojan operating points},
    author={M.Zeyen, L.Affolter, M. Abdou Ahmed, T. Graf, O. Kara, K.Kirch, M. Marszalek, F. Nez, A. Ouf, R. Pohl, S. Rajamohanan, P. Yzombard, A. Antognini, K. Schuhmann},
    year={2022},
    publisher={arXiv}
}

@article{art_ziegler_nichols_1942,
    title={Optimum settings for automatic
controllers},
    author={J. G. Ziegler, N. B. Nichols},
    journal={Transactions ASME},
    volume={64},
    year={1942},
    publisher={IEEE}
}